% Encoding: UTF-8
@article{bib1,
author={A. Lai and T. Itoh and C. Caloz},
journal={IEEE Microwave Magazine},
title={Composite right/left-handed transmission line metamaterials},
year={2004},
volume={5},
number={3},
pages={34-50},
keywords={composite materials;leaky wave antennas;transmission line theory;waveguide couplers;CRLH structures;branch-line couplers;composite metamaterials;directional couplers;electromagnetic properties;guided wave applications;leaky-wave antenna;left-handed metamaterials;microwave devices;right-handed effects;right-handed metamaterials;transmission line approach;transmission line metamaterials;zeroth order resonator antenna;Copper;Electromagnetic radiation;Electromagnetic scattering;Metamaterials;Microwave devices;Permeability;Permittivity;Transmission line theory;Transmission lines;Two dimensional displays},
doi={10.1109/MMW.2004.1337766},
ISSN={1527-3342},
month={Sept},}

@inproceedings{bib2,
  title={Negative refractive index metamaterials supporting 2-D waves},
  author={Iyer, Ashwin K and Eleftheriades, George V},
  booktitle={Microwave Symposium Digest, 2002 IEEE MTT-S International},
  volume={2},
  pages={1067--1070},
  year={2002},
  organization={IEEE}
}

@inproceedings{bib3,
  title={Application of the transmission line theory of left-handed (LH) materials to the realization of a microstrip" LH line"},
  author={Caloz, Christophe and Itoh, Tatsuo},
  booktitle={Antennas and Propagation Society International Symposium, 2002. IEEE},
  volume={2},
  pages={412--415},
  year={2002},
  organization={IEEE}
}

@inproceedings{bib4,
  title={A periodic-structure negative-refractive-index medium without resonant elements},
  author={Oliner, Arthur A},
  booktitle={IEEE-APS/URSI Int'l Symp. Digest, 2002},
  volume={41},
  year={2002}
}

@article{bib6,
author={J. Garcia-Garcia and J. Bonache and I. Gil and F. Martin and M. C. Velazquez-Ahumada and J. Martel},
journal={IEEE Transactions on Microwave Theory and Techniques},
title={Miniaturized microstrip and CPW filters using coupled metamaterial resonators},
year={2006},
volume={54},
number={6},
pages={2628-2635},
keywords={coplanar waveguide components;metamaterials;microstrip filters;microwave filters;resonator filters;CPW filters;coupled metamaterial resonators;microstrip filters;planar filters;quasi-elliptic filters;split-ring resonator;Coplanar waveguides;Couplings;Magnetic materials;Magnetic separation;Metamaterials;Microstrip filters;Microstrip resonators;Microwave devices;Microwave filters;Resonator filters;Coupling coefficient;metamaterials;planar filters;quasi-elliptic filters},
doi={10.1109/TMTT.2006.872934},
ISSN={0018-9480},
month={June},}

@article{bib7,
  title={Alignment and position sensors based on split ring resonators},
  author={Naqui, Jordi and Dur{\'a}n-Sindreu, Miguel and Mart{\'\i}n, Ferran},
  journal={Sensors},
  volume={12},
  number={9},
  pages={11790--11797},
  year={2012},
  publisher={Molecular Diversity Preservation International}
}

@article{bib8,
author={F. J. Herraiz-Martinez and F. Paredes and G. Zamora Gonzalez and F. Martin and J. Bonache},
journal={IEEE Transactions on Antennas and Propagation},
title={Printed Magnetoinductive-Wave (MIW) Delay Lines for Chipless RFID Applications},
year={2012},
volume={60},
number={11},
pages={5075-5082},
keywords={Arrays;Bandwidth;Delay;Delay lines;Microstrip;Radiofrequency identification;Reflection;Chipless tags;magnetoinductive waves (MIWs);passive tags;radio frequency identification (RFID)},
doi={10.1109/TAP.2012.2207681},
ISSN={0018-926X},
month={Nov},}

@inproceedings{bib9,
  title = {Microwave stereometamaterials and parameter extraction},
  author = {Milosevic, V. and Jokanovic, B. and Kolundzija, B.},
  booktitle = {4th International Congress on Advanced Electromagnetic Materials in Microwaves and Optics (METAMATERIALS)},
  year = {2010}
}

@inproceedings{bib10,
  author = {Bojanic, R. and Jokanovic, B. and Milosevic, V.},
  booktitle = {2011 10th International Conference on Telecommunication in Modern Satellite Cable and Broadcasting Services (TELSIKS)},
  title = {Multiband delay lines with reconfigurable split-ring resonators},
  year = {2011},
  volume = {1},
  pages = {31-34},
  keywords = {delay lines;multifrequency antennas;resonators;left-handed bands;multiband delay lines;multiband frequency scanning antennas;reconfigurable split-ring resonators;Delay;Delay lines;Indexes;Metamaterials;Microstrip;Refractive index;Resonant frequency;Delay line;Effective parameters;Group delay;Left-handed metamaterials;Split-ring resonator},
  doi = {10.1109/TELSKS.2011.6112060},
  month = oct
}

@inproceedings{bib11,
  author = {Boskovic, N. M. and Jokanovic, B. S. and Nesic, A. D.},
  booktitle = {2013 11th International Conference on Telecommunications in Modern Satellite, Cable and Broadcasting Services (TELSIKS)},
  title = {Compact frequency scanning antenna array with SRR phase shifters},
  year = {2013},
  volume = {02},
  pages = {437-439},
  keywords = {antenna phased arrays;microstrip lines;microwave antenna arrays;microwave resonators;SRR;antiresonant dipoles;balanced microstrip line;compact frequency scanning antenna array;elongated split-ring resonators;frequency 5.7 GHz to 6.1 GHz;frequency dependant phase difference;gain 12.5 dB to 13.6 dB;Antenna arrays;Arrays;Dipole antennas;Microstrip;Phase shifters;Resonant frequency;Frequency scanning antenna;Phase shifter;Split-ring resonator},
  doi = {10.1109/TELSKS.2013.6704415},
  month = oct
}

@article{bib14,
author={F. Falcone and T. Lopetegi and J. D. Baena and R. Marques and F. Martin and M. Sorolla},
journal={IEEE Microwave and Wireless Components Letters},
title={Effective negative-$\varepsilon$ stopband microstrip lines based on complementary split ring resonators},
year={2004},
volume={14},
number={6},
pages={280-282},
keywords={band-stop filters;microstrip lines;microstrip resonators;microwave filters;permittivity;complementary split ring resonators;deep rejection frequency band;electrical size;frequency gap;good matching design;low losses design;microstrip technology;microwave filters;negative effective dielectric permittivity;negative-Ïµ stopband microstrip lines;sub-lambda operation;super-compact stopband microstrip;Band pass filters;Circuits;Frequency;Metamaterials;Microstrip resonators;Microwave devices;Microwave filters;Optical ring resonators;Periodic structures;Power harmonic filters;CSRRs;Complementary split ring resonators;duality;microstrip technology;microwave filters;negative-$varepsilon$;split ring resonators},
doi={10.1109/LMWC.2004.828029},
ISSN={1531-1309},
month={June},}

@article{bib15,
author={V. Crnojevic-Bengin and V. Radonic and B. Jokanovic},
journal={IEEE Transactions on Microwave Theory and Techniques},
title={Fractal Geometries of Complementary Split-Ring Resonators},
year={2008},
volume={56},
number={10},
pages={2312-2321},
keywords={fractals;metamaterials;microstrip resonators;complementary split-ring resonators;fractal complementary split rings;fractal geometries;geometrical parameters;left-handed transmission lines;metamaterial unit cell;microstrip left-handed structures;miniaturization;negative-permittivity particles;nonfractal topologies;square Sierpinski It fractal curve;Fractals;metamaterials;microwave filters;split-ring resonators},
doi={10.1109/TMTT.2008.2003522},
ISSN={0018-9480},
month={Oct},}

@inproceedings{bib16,
author={I. Gil and J. Bonache and J. Garcia-Garcia and F. Falcone and F. Martin},
booktitle={2005 IEEE Antennas and Propagation Society International Symposium},
title={Metamaterials in microstrip technology for filter applications},
year={2005},
volume={1A},
number={},
pages={668-671 Vol. 1A},
keywords={electromagnetic wave propagation;inductors;magnetic permeability;metamaterials;microstrip filters;periodic structures;permittivity;resonators;LH transmission lines;SRR resonance;backward transmission lines;conductor strip;left handed transmission lines;left handed wave propagation;metamaterials;microstrip filter;microwave plasma;miniaturization;narrow pass band;negative effective permeability;negative permittivity;periodic structure;shunt connected inductors;square shaped split ring resonators;via holes;Conductors;Etching;Metamaterials;Microstrip filters;Narrowband;Optical ring resonators;Plasma applications;Plasma waves;Resonator filters;Transmission lines},
doi={10.1109/APS.2005.1551409},
ISSN={1522-3965},
month={July},}

@article{bib18,
author={Jia-Sheng Hong and M. J. Lancaster},
journal={IEEE Transactions on Microwave Theory and Techniques},
title={Couplings of microstrip square open-loop resonators for cross-coupled planar microwave filters},
year={1996},
volume={44},
number={11},
pages={2099-2109},
keywords={band-pass filters;elliptic filters;equivalent circuits;frequency response;microstrip filters;microstrip resonators;microwave filters;passive filters;resonator filters;coupling coefficient;cross-coupled planar filters;empirical models;four-pole elliptic function filter;microstrip resonators;planar microwave filters;square open-loop resonators;Band pass filters;Couplings;Frequency;Magnetic separation;Microstrip filters;Microstrip resonators;Microwave filters;Passband;Resonator filters;Superconducting filters},
doi={10.1109/22.543968},
ISSN={0018-9480},
month={Nov},}

@book{bib20,
author = {E. A. Guillemin},
publisher = {Krieger Publishing},
title = {Synthesis of Passive Networks: Theory and Methods Appropriate to the Realization and Approximation Problems},
year = {1977},
}

@book{caloz2005,
  title={Electromagnetic Metamaterials: Transmission Line Theory and Microwave Applications},
  author={Caloz, C. and Itoh, T.},
  isbn={9780471754312},
  lccn={2005048976},
  year={2005},
  publisher={Wiley}
}

@ARTICLE{radoman,
author={R. Bojanic and V. Milosevic and B. Jokanovic and F. Medina-Mena and F. Mesa},
journal={IEEE Transactions on Microwave Theory and Techniques},
title={Enhanced Modelling of Split-Ring Resonators Couplings in Printed Circuits},
year={2014},
volume={62},
number={8},
pages={1605-1615},
keywords={coupled circuits;coupled transmission lines;equivalent circuits;metamaterials;microstrip lines;microstrip resonators;mirrors;multiconductor transmission lines;printed circuits;SRR;circuit topology;enhanced equivalent circuit approach;lumped-element network;magnetic-electric interaction;metamaterial-based printed circuit line;multiconductor transmission line theory;single split-ring resonator coupling;single-mirrored SRR loaded microstrip line;two-mirrored SRR loaded microstrip line;Couplings;Equivalent circuits;Integrated circuit modeling;Load modeling;Microstrip;Resonant frequency;Transmission line measurements;Coupled transmission lines;equivalent circuit;metamaterial;microstrip line;split-ring resonator},
doi={10.1109/TMTT.2014.2332302},
ISSN={0018-9480},
month={Aug},}

@ARTICLE{baena,
author={J. D. Baena and J. Bonache and F. Martin and R. M. Sillero and F. Falcone and T. Lopetegi and M. A. G. Laso and J. Garcia-Garcia and I. Gil and M. F. Portillo and M. Sorolla},
journal={IEEE Transactions on Microwave Theory and Techniques},
title={Equivalent-circuit models for split-ring resonators and complementary split-ring resonators coupled to planar transmission lines},
year={2005},
volume={53},
number={4},
pages={1451-1461},
keywords={coupled transmission lines;equivalent circuits;metamaterials;microwave filters;resonators;CSRR loaded transmission lines;SRR loaded transmission lines;analytical equivalent-circuit model;complementary split-ring resonators;electromagnetic behavior;host transmission line;long wavelength limit;microwave filters;passband characteristics;planar metamaterial structures;planar transmission lines;stopband characteristics;Analytical models;Coupled mode analysis;Electromagnetic analysis;Electromagnetic coupling;Electromagnetic modeling;Metamaterials;Microwave devices;Passband;Planar transmission lines;Transmission lines;Duality;metamaterials;microwave filters;split-ring resonators (SRRs)},
doi={10.1109/TMTT.2005.845211},
ISSN={0018-9480},
month={April},}

@book{hong,
  title={Microstrip Filters for RF / Microwave Applications},
  author={Hong, J.S.G. and Lancaster, M.J.},
  isbn={9780471464204},
  series={Wiley Series in Microwave and Optical Engineering},
  year={2004},
  publisher={Wiley}
}

@ARTICLE{wonjoo,
author={Wonjoo Suh and Zheng Wang and Shanhui Fan},
journal={IEEE Journal of Quantum Electronics},
title={Temporal coupled-mode theory and the presence of non-orthogonal modes in lossless multimode cavities},
year={2004},
volume={40},
number={10},
pages={1511-1518},
keywords={coupled mode analysis;finite difference time-domain analysis;light interference;optical resonators;photonic crystals;Fano interference;first-principles finite-difference time-domain simulations;multimode cavities;multimode optical resonators;nonorthogonal modes;temporal coupled-mode theory;transport properties;Interference;Laser modes;Laser noise;Laser theory;Optical coupling;Optical filters;Optical losses;Optical resonators;Resonance;Resonator filters;Electromagnetic coupling;filters;optical modulation;optical switches;resonance},
doi={10.1109/JQE.2004.834773},
ISSN={0018-9197},
month={Oct},}

@book{haus,
  title={Waves and fields in optoelectronics},
  author={Haus, H.A.},
  isbn={9780139460531},
  lccn={83008645},
  series={Prentice-Hall Series in Solid State Physical Electronics},
  year={1984},
  publisher={Prentice Hall, Incorporated}
}

@article{Li:10,
author = {Qiang Li and Tao Wang and Yikai Su and Min Yan and Min Qiu},
journal = {Opt. Express},
keywords = {Integrated optics devices; Photonic integrated circuits; Nanophotonics and photonic crystals ; Coupled resonators},
number = {8},
pages = {8367--8382},
publisher = {OSA},
title = {Coupled mode theory analysis of mode-splitting in coupled cavity system},
volume = {18},
month = {Apr},
year = {2010},
doi = {10.1364/OE.18.008367},
}

@inproceedings{etran:2016,
author={V. Milosevic and R. Bojanic and B. Jokanovic},
title={Analiza antisimetriÄnih split-ring rezonatora spregnutih sa vodom pomoÄu parnog i neparnog moda},
booktitle={ETRAN 2016 -- Zbornik radova 60. konferencije  za elektroniku, telekomunikacije, raÄunarstvo, automatiku i nuklearnu tehniku},
year={2016},
}

@ARTICLE{hausproc,
author={H. A. Haus and W. Huang},
journal={Proc. IEEE},
title={Coupled-mode theory},
year={1991},
volume={79},
number={10},
pages={1505-1518},
doi={10.1109/5.104225},
ISSN={0018-9219},
month={Oct},}

@article{mr03:eit,
  author = {Milosevic, V. and Jokanovic, B. and Bojanic, R. and Jelenkovic, B.},
  title = {Classical Electromagnetically Induced Transparency in Metamaterials},
  journal = {Microwave Review},
  volume = {19},
  number = {2},
  pages = {76-81},
  month = {dec},
  year = {2013}
}

@article{tassin:09,
  title = {Low-Loss Metamaterials Based on Classical Electromagnetically Induced Transparency},
  author = {Tassin, P. and Zhang, Lei and Koschny, Th. and Economou, E. N. and Soukoulis, C. M.},
  journal = {Phys. Rev. Lett.},
  volume = {102},
  issue = {5},
  pages = {053901},
  numpages = {4},
  year = {2009},
  month = {Feb},
  publisher = {American Physical Society},
  doi = {10.1103/PhysRevLett.102.053901},
  url = {https://link.aps.org/doi/10.1103/PhysRevLett.102.053901}
}

@ARTICLE{pendri:99,
author={J. B. Pendry and A. J. Holden and D. J. Robbins and W. J. Stewart},
journal={IEEE Transactions on Microwave Theory and Techniques},
title={Magnetism from conductors and enhanced nonlinear phenomena},
year={1999},
volume={47},
number={11},
pages={2075-2084},
keywords={capacitance;conducting materials;magnetic permeability;active structures;critical locations;effective magnetic permeability;electrical energy;energy density;imaginary components;internal capacitance;magnetism;nonlinear phenomena;nonmagnetic conducting sheets;resonant enhancement;Capacitance;Conducting materials;Conductors;Energy resolution;Inductance;Magnetic materials;Microstructure;Permeability;Resonance;Sheet materials},
doi={10.1109/22.798002},
ISSN={0018-9480},
month={Nov},}

@book{markes_knjiga,
  title={Metamaterials with Negative Parameters: Theory, Design, and Microwave Applications},
  author={Marqu{\~A}{\copyright}s, R. and Mart{\~A}n, F. and Sorolla, M.},
  isbn={9781118211564},
  series={Wiley Series in Microwave and Optical Engineering},
  year={2011},
  publisher={Wiley}
}

@book{feran_knjiga,
  title={Artificial Transmission Lines for RF and Microwave Applications},
  author={Mart{\~A}n, F.},
  isbn={9781118487600},
  lccn={2015013267},
  series={Wiley Series in Microwave and Optical Engineering},
  year={2015},
  publisher={Wiley}
}

@article{aznar_improved,
author = {F. Aznar and J. Bonache and F. MartÃ­n},
title = {Improved circuit model for left-handed lines loaded with split ring resonators},
journal = {Applied Physics Letters},
volume = {92},
number = {4},
pages = {043512},
year = {2008},
doi = {10.1063/1.2839600},
}

@ARTICLE{naqui:13,
author={J. Naqui and M. Duran-Sindreu and F. Martin},
journal={IEEE Antennas and Wireless Propagation Letters},
title={Modeling Split-Ring Resonator (SRR) and Complementary Split-Ring Resonator (CSRR) Loaded Transmission Lines Exhibiting Cross-Polarization Effects},
year={2013},
volume={12},
number={},
pages={178-181},
keywords={coplanar waveguides;equivalent circuits;resonators;transmission line theory;CSRR;complementary split-ring resonator loaded transmission line;coplanar waveguide;cross-polarization effect;electric coupling;electromagnetic property;lumped element equivalent circuit model;magnetic coupling;parameter extraction;split-ring resonator modeling;Coplanar waveguides;Couplings;Electromagnetics;Integrated circuit modeling;Load modeling;Microstrip;Optical ring resonators;Complementary split-ring resonator (CSRR);coplanar waveguide (CPW);metamaterials;microstrip;split-ring resonator (SRR)},
doi={10.1109/LAWP.2013.2245095},
ISSN={1536-1225},
month={},}

@ARTICLE{feran_filter,
author={F. Martin and F. Falcone and J. Bonache and R. Marques and M. Sorolla},
journal={IEEE Microwave and Wireless Components Letters},
title={Miniaturized coplanar waveguide stop band filters based on multiple tuned split ring resonators},
year={2003},
volume={13},
number={12},
pages={511-513},
keywords={Q-factor;band-stop filters;coplanar waveguide components;equivalent circuits;frequency response;microwave filters;periodic structures;photonic band gap;resonator filters;waveguide filters;50 ohm;compact stop band filter;dispersion relation;electromagnetic bandgap structures;frequency response;high inductive coupling;high quality factor;lumped element equivalent circuit;magnetically coupled resonators;metamaterials;microwave filters;miniaturized coplanar waveguide filters;multiple tuned split ring resonators;patterning;periodic transmission media;sharp narrow rejection band;Coplanar waveguides;Etching;Frequency measurement;Frequency response;Loss measurement;Optical ring resonators;Prototypes;Resonant frequency;Resonator filters;Wavelength measurement},
doi={10.1109/LMWC.2003.819964},
ISSN={1531-1309},
month={Dec},}

@Article{djordi_senzor,
AUTHOR = {Naqui, Jordi and DurÃ¡n-Sindreu, Miguel and MartÃ­n, Ferran},
TITLE = {Alignment and Position Sensors Based on Split Ring Resonators},
JOURNAL = {Sensors},
VOLUME = {12},
YEAR = {2012},
NUMBER = {9},
PAGES = {11790--11797},
URL = {http://www.mdpi.com/1424-8220/12/9/11790},
PubMedID = {23112683},
ISSN = {1424-8220},
ABSTRACT = {In this paper compact alignment and position sensors based on coplanar waveguide (CPW) transmission lines loaded with split ring resonators (SRRs) are proposed. The structure consists of a folded CPW loaded with two SRRs tuned at different frequencies to detect both the lack of alignment and the two-dimensional linear displacement magnitude. Two additional resonators (also tuned at different frequencies) are used to detect the displacement direction. The working principle for this type of sensor is explained in detail, and a prototype device to illustrate the potential of the approach has been designed and fabricated.},
DOI = {10.3390/s120911790}
}

@ARTICLE{djordi_supp,
author={J. Naqui and A. Fernandez-Prieto and M. Duran-Sindreu and F. Mesa and J. Martel and F. Medina and F. Martin},
journal={IEEE Transactions on Microwave Theory and Techniques},
title={Common-Mode Suppression in Microstrip Differential Lines by Means of Complementary Split Ring Resonators: Theory and Applications},
year={2012},
volume={60},
number={10},
pages={3023-3034},
keywords={band-pass filters;etching;microstrip lines;resonator filters;transmission lines;DS-CSRR;balanced bandpass filter;bandwidth enhancement;circuit model;common-mode filter design;common-mode suppression;complementary split ring resonators;differential signals;dispersion relation;double-slit CSRR;even-mode excitation;maximum achievable rejection bandwidth;microstrip differential transmission lines;odd-mode excitation;periodically etching;symmetrically etching;Bandwidth;Couplings;Dispersion;Equivalent circuits;Integrated circuit modeling;Microstrip;Resonant frequency;Complementary split-ring resonator (CSRR);differential transmission lines;metamaterial-inspired lines;split-ring resonator (SRR)},
doi={10.1109/TMTT.2012.2209675},
ISSN={0018-9480},
month={Oct},}

@ARTICLE{dzoni,
author={N. Boskovic and B. Jokanovic and M. Radovanovic},
journal={IEEE Transactions on Antennas and Propagation},
title={Printed Frequency Scanning Antenna Arrays With Enhanced Frequency Sensitivity and Sidelobe Suppression},
year={2017},
volume={65},
number={4},
pages={1757-1764},
keywords={dipole antenna arrays;linear antenna arrays;microstrip antenna arrays;microwave phase shifters;radar antennas;radar receivers;scanning antennas;1D frequency scanning antenna array;H-plane scanning properties;antenna array;direct imaging radar sensor;double-cell left-handed shifter;frequency sensitivity;insertion loss;linear arrays;pentagonal dipole;phase shifter;printed frequency scanning antenna array;radiating element;resistance 120 ohm to 1070 ohm;right-handed counterpart;scan sector;sidelobe suppression;Dipole antennas;Insertion loss;Linear antenna arrays;Phase shifters;Phased arrays;Sensitivity;Dipole arrays;phase shifters;phased arrays;sidelobe suppression},
doi={10.1109/TAP.2017.2670528},
ISSN={0018-926X},
month={April},}

@ARTICLE{lopetegi_cmt,
author={T. Lopetegi and M. A. G. Laso and M. J. Erro and M. Sorolla and M. Thumm},
journal={IEEE Microwave and Wireless Components Letters},
title={Analysis and design of periodic structures for microstrip lines by using the coupled mode theory},
year={2002},
volume={12},
number={11},
pages={441-443},
keywords={coupled mode analysis;microstrip lines;periodic structures;waveguide theory;coupled mode theory;distributed periodic structures;microstrip lines;Analytical models;Coupled mode analysis;Electromagnetic analysis;Electromagnetic waveguides;Frequency;Microstrip;Millimeter wave technology;Periodic structures;Photonic band gap;Power harmonic filters},
doi={10.1109/LMWC.2002.805538},
ISSN={1531-1309},
month={Nov},}

@article{Fan:03,
author = {Shanhui Fan and Wonjoo Suh and J. D. Joannopoulos},
journal = {J. Opt. Soc. Am. A},
keywords = {Gratings; Micro-optical devices; Mirrors; Resonators},
number = {3},
pages = {569--572},
publisher = {OSA},
title = {Temporal coupled-mode theory for the Fano resonance in optical resonators},
volume = {20},
month = {Mar},
year = {2003},
url = {http://josaa.osa.org/abstract.cfm?URI=josaa-20-3-569},
doi = {10.1364/JOSAA.20.000569},
abstract = {We present a theory of the Fano resonance for optical resonators, based on a temporal coupled-mode formalism. This theory is applicable to the general scheme of a single optical resonance coupled with multiple input and output ports. We show that the coupling constants in such a theory are strongly constrained by energy-conservation and time-reversal symmetry considerations. In particular, for a two-port symmetric structure, Fano-resonant line shape can be derived by using only these symmetry considerations. We validate the analysis by comparing the theoretical predictions with three-dimensional finite-difference time-domain simulations of guided resonance in photonic crystal slabs. Such a theory may prove to be useful for response-function synthesis in filter and sensor applications.},
}

@article{cihan,
  title = {Classical Analogue of Electromagnetically Induced Transparency with a Metal-Superconductor Hybrid Metamaterial},
  author = {Kurter, Cihan and Tassin, Philippe and Zhang, Lei and Koschny, Thomas and Zhuravel, Alexander P. and Ustinov, Alexey V. and Anlage, Steven M. and Soukoulis, Costas M.},
  journal = {Phys. Rev. Lett.},
  volume = {107},
  issue = {4},
  pages = {043901},
  numpages = {4},
  year = {2011},
  month = {Jul},
  publisher = {American Physical Society},
  doi = {10.1103/PhysRevLett.107.043901},
  url = {https://link.aps.org/doi/10.1103/PhysRevLett.107.043901}
}

@article{smith:01,
author = {R. A. Shelby and D. R. Smith and S. C. Nemat-Nasser and S. Schultz},
title = {Microwave transmission through a two-dimensional, isotropic, left-handed metamaterial},
journal = {Applied Physics Letters},
volume = {78},
number = {4},
pages = {489-491},
year = {2001},
doi = {10.1063/1.1343489},
}

@article{smith:00,
  title = {Composite Medium with Simultaneously Negative Permeability and Permittivity},
  author = {Smith, D. R. and Padilla, Willie J. and Vier, D. C. and Nemat-Nasser, S. C. and Schultz, S.},
  journal = {Phys. Rev. Lett.},
  volume = {84},
  issue = {18},
  pages = {4184--4187},
  numpages = {0},
  year = {2000},
  month = {May},
  publisher = {American Physical Society},
  doi = {10.1103/PhysRevLett.84.4184},
}

@inproceedings{mm02:stereo,
  title = {Microwave stereometamaterials and parameter extraction},
  author = {Milosevic, V. and Jokanovic, B. and Kolundzija, B.},
  booktitle = {4th International Congress on Advanced Electromagnetic Materials in Microwaves and Optics (METAMATERIALS)},
  year = {2010}
}

@article{simplex,
  title={Convergence properties of the {Nelder--Mead} simplex method in low dimensions},
  author={Lagarias, Jeffrey C and Reeds, James A and Wright, Margaret H and Wright, Paul E},
  journal={SIAM Journal on optimization},
  volume={9},
  number={1},
  pages={112--147},
  year={1998},
  publisher={SIAM}
}

@ARTICLE{rationalfit,
author={B. Gustavsen and A. Semlyen},
journal={IEEE Transactions on Power Delivery},
title={Rational approximation of frequency domain responses by vector fitting},
year={1999},
volume={14},
number={3},
pages={1052-1061},
keywords={frequency-domain analysis;function approximation;poles and zeros;power system analysis computing;power system transients;vectors;computer simulation;frequency domain responses;power network equivalents;power system transients modelling;rational approximation;resonance peaks;scaling procedure;smooth functions;starting poles;transformer responses;vector fitting;Computational modeling;Convolutional codes;Frequency dependence;Frequency domain analysis;Frequency measurement;Function approximation;Power system dynamics;Power system modeling;Power system simulation;Resonance},
doi={10.1109/61.772353},
ISSN={0885-8977},
month={Jul},}

@book{djordjevic1999linpar,
  title={Linpar for Windows: Matrix Parameters for Multiconductor Transmission Lines, Software and User's Manual, Version 2.0},
  author={Djordjevic, A.R. and Bazdar, M.B. and Sarkar, T.K. and Harrington, R.F.},
  isbn={9781580530613},
  series={Artech House microwave library},
  year={1999},
  publisher={Artech House}
}

@article{pierce1954coupling,
  title={Coupling of modes of propagation},
  author={Pierce, John Robinson},
  journal={Journal of Applied Physics},
  volume={25},
  number={2},
  pages={179--183},
  year={1954},
  publisher={AIP}
}

@ARTICLE{1471949,
author={R. W. Gould},
journal={IRE Transactions on Electron Devices},
title={A coupled mode description of the backward-wave oscillator and the Kompfner dip condition},
year={1955},
volume={2},
number={4},
pages={37-42},
keywords={Coupling circuits;Electromagnetic scattering;Electron beams;Load flow;Operational amplifiers;Optical coupling;Optical modulation;Oscillators;Plasma waves;Space charge;Space exploration;Transducers},
doi={10.1109/T-ED.1955.14089},
ISSN={0096-2430},
month={Oct},}

@book{louisell1960coupled,
  title={Coupled Mode and Parametric Electronics},
  author={Louisell, W.H.},
  year={1960},
  publisher={Wiley}
}

@ARTICLE{1124830,
author={S. E. Miller},
journal={Transactions of the IRE Professional Group on Microwave Theory and Techniques},
title={Some Coupled-Wave Theory and Application to Waveguides (Abstract)},
year={1953},
volume={1},
number={1},
pages={14-14},
keywords={Attenuation measurement;Attenuators;Couplings;Detectors;Electric variables measurement;Frequency;Laboratories;Microwave devices;Microwave measurements;Waveguide theory},
doi={10.1109/TMTT.1953.1124830},
ISSN={0276-1173},
month={March},}

@article{louisell1955analysis,
  title={Analysis of the single tapered mode coupler},
  author={Louisell, WH},
  journal={Bell Labs Technical Journal},
  volume={34},
  number={4},
  pages={853--870},
  year={1955},
  publisher={Wiley Online Library}
}

@incollection{tang1969mode,
  title={Mode conversion in nonuniform multimode waveguides and transitions},
  author={Tang, CCH},
  booktitle={Advances in Microwaves},
  volume={4},
  pages={301--372},
  year={1969},
  publisher={Elsevier}
}

@ARTICLE{6771476,
author={S. A. Schelkunoff},
journal={The Bell System Technical Journal},
title={Conversion of Maxwell's equations into generalized Telegraphist's equations},
year={1955},
volume={34},
number={5},
pages={995-1043},
keywords={},
doi={10.1002/j.1538-7305.1955.tb03787.x},
ISSN={0005-8580},
month={Sept},}

@ARTICLE{6771781,
author={D. Marcuse},
journal={The Bell System Technical Journal},
title={The coupling of degenerate modes in two parallel dielectric waveguides},
year={1971},
volume={50},
number={6},
pages={1791-1816},
keywords={},
doi={10.1002/j.1538-7305.1971.tb02582.x},
ISSN={0005-8580},
month={July},}

@article{snyder1972coupled,
  title={Coupled-mode theory for optical fibers},
  author={Snyder, Allan W},
  journal={JOSA},
  volume={62},
  number={11},
  pages={1267--1277},
  year={1972},
  publisher={Optical Society of America}
}

@ARTICLE{1077767,
author={A. Yariv},
journal={IEEE Journal of Quantum Electronics},
title={Coupled-mode theory for guided-wave optics},
year={1973},
volume={9},
number={9},
pages={919-933},
keywords={Dielectrics;Electrooptic modulators;Magnetic modulators;Nonlinear optics;Optical coupling;Optical films;Optical filters;Optical modulation;Optical propagation;Optical waveguides},
doi={10.1109/JQE.1973.1077767},
ISSN={0018-9197},
month={Sep},}

@article{taylor1973optical,
  title={Optical switching and modulation in parallel dielectric waveguides},
  author={Taylor, HF},
  journal={Journal of Applied Physics},
  volume={44},
  number={7},
  pages={3257--3262},
  year={1973},
  publisher={AIP}
}

@article{mcintyre1973power,
  title={Power transfer between optical fibers},
  author={McIntyre, Peter D and Snyder, Allan W},
  journal={JOSA},
  volume={63},
  number={12},
  pages={1518--1527},
  year={1973},
  publisher={Optical Society of America}
}

@ARTICLE{1069190,
author={H. Kogelnik and R. Schmidt},
journal={IEEE Journal of Quantum Electronics},
title={Switched directional couplers with alternating $\Delta\beta$},
year={1976},
volume={12},
number={7},
pages={396-401},
keywords={Directional couplers;Electrodes;Gallium arsenide;Integrated optics;Optical coupling;Optical crosstalk;Optical switches;Optical waveguides;Strips;Voltage},
doi={10.1109/JQE.1976.1069190},
ISSN={0018-9197},
month={July},}

@article{butler1984coupled,
  title={Coupled-mode analysis of phase-locked injection laser arrays},
  author={Butler, JK and Ackley, DE and Botez, D},
  journal={Applied Physics Letters},
  volume={44},
  number={3},
  pages={293--295},
  year={1984},
  publisher={AIP}
}

@article{haus1987coupled,
  title={Coupled-mode theory of optical waveguides},
  author={Haus, H and Huang, W and Kawakami, S and Whitaker, N},
  journal={Journal of Lightwave Technology},
  volume={5},
  number={1},
  pages={16--23},
  year={1987},
  publisher={IEEE}
}

@Article{bian_mtt,
  author        = {Milosevic, V. and Jokanovic, B. and Bojanic, R.},
  title         = {Effective Electromagnetic Parameters of Metamaterial Transmission Line Loaded With Asymmetric Unit Cells},
  journal       = {IEEE Transactions on Microwave Theory and Techniques},
  year          = {2013},
  volume        = {61},
  number        = {8},
  pages         = {2761-2772},
  month         = aug,
  issn          = {0018-9480},
  __markedentry = {[mobiu_000:6]},
  doi           = {10.1109/TMTT.2013.2268056},
  keywords      = {electromagnetic metamaterials;high-frequency transmission lines;NRW method;Nicolson-Ross-Weir method;asymmetric unit cells;bianisotropic parameters;dual-band unit cells;electromagnetic parameters;equivalent bianisotropic medium;generalized extraction procedure;metamaterial transmission line;permeability;permittivity;reflection coefficients;Asymmetric unit cell;bianisotropic medium;effective material parameters;metamaterial transmission line;split-ring resonator (SRR)},
}

@Article{bian_physcr,
  author        = {Milosevic, V and Jokanovic, B and Bojanic, R},
  title         = {Retrieval and validation of the effective constitutive parameters of bianisotropic metamaterials},
  journal       = {Physica Scripta},
  year          = {2014},
  volume        = {2014},
  number        = {T162},
  pages         = {014046},
  __markedentry = {[mobiu_000:6]},
  url           = {http://stacks.iop.org/1402-4896/2014/i=T162/a=014046},
}

@Article{Smith:02,
  author        = {Smith, D. R. and Schultz, S. and Marko\ifmmode \check{s}\else \v{s}\fi{}, P. and Soukoulis, C. M.},
  title         = {Determination of effective permittivity and permeability of metamaterials from reflection and transmission coefficients},
  journal       = {Phys. Rev. B},
  year          = {2002},
  volume        = {65},
  pages         = {195104},
  month         = {Apr},
  __markedentry = {[mobiu_000:6]},
  doi           = {10.1103/PhysRevB.65.195104},
  issue         = {19},
  numpages      = {5},
  publisher     = {American Physical Society},
  url           = {http://link.aps.org/doi/10.1103/PhysRevB.65.195104},
}

@Article{Mao:05,
  author        = {Shau-Gang Mao and Shiou-Li Chen and Chen-Wei Huang},
  title         = {Effective electromagnetic parameters of novel distributed left-handed microstrip lines},
  journal       = {{IEEE} Trans. Microw. Theory Tech.},
  year          = {2005},
  volume        = {53},
  number        = {4},
  pages         = {1515 - 1521},
  month         = {april},
  issn          = {0018-9480},
  __markedentry = {[mobiu_000:6]},
  doi           = {10.1109/TMTT.2005.845192},
  keywords      = { 1D left-handed microstrip lines; antiparallel group velocity; antiparallel phase velocity; backward-wave radiation; complex effective permeability; complex effective permittivity; distributed left-handed microstrip lines; distributed metamaterial; effective electromagnetic parameters; inhomogeneous LHML; left-handed metamaterials; millimeter-wave applications; photolithographic techniques; refractive index; series-fed microstrip combline array; thin wire arrays; two-layer split-ring resonators; antenna arrays; inhomogeneous media; metamaterials; microstrip lines; permittivity; photolithography; waveguide theory;},
}

@Article{Nicol:70,
  author        = {Nicolson, A. M. and Ross, G. F.},
  title         = {Measurement of the Intrinsic Properties of Materials by Time-Domain Techniques},
  journal       = {{IEEE} Trans. Instrum. Meas.},
  year          = {1970},
  volume        = {19},
  number        = {4},
  pages         = {377 -382},
  month         = {nov.},
  issn          = {0018-9456},
  __markedentry = {[mobiu_000:6]},
  doi           = {10.1109/TIM.1970.4313932},
}

@Article{Weir:74,
  author        = {Weir, W.B.},
  title         = {Automatic measurement of complex dielectric constant and permeability at microwave frequencies},
  journal       = {Proc. {IEEE}},
  year          = {1974},
  volume        = {62},
  number        = {1},
  pages         = {33 - 36},
  month         = {jan.},
  issn          = {0018-9219},
  __markedentry = {[mobiu_000:6]},
  doi           = {10.1109/PROC.1974.9382},
}

@Article{Markos:03,
  author        = {Peter Markos and Costas Soukoulis},
  title         = {Transmission properties and effective electromagnetic parameters of double negative metamaterials},
  journal       = {Opt. Express},
  year          = {2003},
  volume        = {11},
  number        = {7},
  pages         = {649--661},
  month         = {Apr},
  __markedentry = {[mobiu_000:6]},
  abstract      = {We analyze the transmission properties of double negative metamaterials (DNM). Numerical simulations, based on the transfer matrix algorithm, show that some portion of the electromagnetic wave changes its polarization inside the DNM structure. As the transmission properties depend strongly on the polarization, this complicates the interpretation of experimental and numerical data, both inside and outside of the pass band. From the transmission data, the effective permittivity, permeability and refractive index are calculated. In the pass band, we found that the real part of permeability and both the real and the imaginary part of the permittivity are negative. Transmission data for some new structures are also shown. Of particular interest is the structure with cut wires, which possesses two double negative pass bands.},
  doi           = {10.1364/OE.11.000649},
  keywords      = {General physics; Numerical approximation and analysis},
  publisher     = {OSA},
  url           = {http://www.opticsexpress.org/abstract.cfm?URI=oe-11-7-649},
}

@Article{Chen:04,
  author        = {Chen, Xudong and Grzegorczyk, Tomasz M. and Wu, Bae-Ian and Pacheco, Joe and Kong, Jin Au},
  title         = {Robust method to retrieve the constitutive effective parameters of metamaterials},
  journal       = {Phys. Rev. E},
  year          = {2004},
  volume        = {70},
  pages         = {016608},
  month         = {Jul},
  __markedentry = {[mobiu_000:6]},
  doi           = {10.1103/PhysRevE.70.016608},
  issue         = {1},
  numpages      = {7},
  publisher     = {American Physical Society},
  url           = {http://link.aps.org/doi/10.1103/PhysRevE.70.016608},
}

@Book{Pozar:05,
  title         = {Microwave engineering},
  publisher     = {J. Wiley},
  year          = {2005},
  author        = {Pozar, D.M.},
  address       = {New York},
  edition       = {3rd},
  isbn          = {9780471448785},
  __markedentry = {[mobiu_000:6]},
  lccn          = {30650010},
}

@Book{Sham:09,
  title         = {Waves in metamaterials},
  publisher     = {Oxford University Press},
  year          = {2009},
  author        = {Solymar, L. and Shamonina, E.},
  address       = {Oxford, U.K.},
  isbn          = {9780199215331},
  __markedentry = {[mobiu_000:6]},
  lccn          = {2009275706},
}

@Book{Capolino:2009,
  title         = {Theory and Phenomena of Metamaterials},
  publisher     = {CRC Press/Taylor \& Francis},
  year          = {2009},
  author        = {Capolino, F.},
  number        = {Ð³Ð». 1},
  series        = {Metamaterials Handbook},
  isbn          = {9781420054255},
  __markedentry = {[mobiu_000:6]},
  lccn          = {2008054553},
}

@InCollection{shivola,
  author        = {Ari Sihvola and Ismo V. Lindell},
  title         = {Bianisotropic Materials and {PEMC}},
  booktitle     = {Theory and Phenomena of Metamaterials},
  publisher     = {CRC Press/Taylor \& Francis},
  year          = {2009},
  editor        = {Capolino, F.},
  pages         = {26.1--26.7},
  address       = {Boca Raton, FL},
  isbn          = {9781420054255},
  __markedentry = {[mobiu_000:6]},
  lccn          = {2008054553},
}

@Article{Szabo:10,
  author        = {Z. Szabo and G. H. Park and R. Hedge and E. P. Li},
  title         = {A Unique Extraction of Metamaterial Parameters Based on Kramers-Kronig Relationship},
  journal       = {{IEEE} Trans. Microw. Theory Tech.},
  year          = {2010},
  volume        = {58},
  number        = {10},
  pages         = {2646-2653},
  month         = {Oct},
  issn          = {0018-9480},
  __markedentry = {[mobiu_000:6]},
  doi           = {10.1109/TMTT.2010.2065310},
  keywords      = {Kramers-Kronig relations;metamaterials;refractive index;Kramers-Kronig relationship;complex logarithmic function;effective material parameters;homogeneous slab;metamaterial parameters;metamaterial slab converge;refractive index;split-ring resonators;Magnetic materials;Metamaterials;Permeability;Permittivity;Refractive index;Slabs;Branching problem;KramersâKronig relations;effective material parameters;metamaterials},
}

@Article{shalaev,
  author        = {Kildishev, A.V. and Borneman, J.D. and Ni, X. and Shalaev, V.M. and Drachev, V.P.},
  title         = {Bianisotropic Effective Parameters of Optical Metamagnetics and Negative-Index Materials},
  journal       = {Proc. {IEEE}},
  year          = {2011},
  volume        = {99},
  number        = {10},
  pages         = {1691 -1700},
  month         = {oct.},
  issn          = {0018-9219},
  __markedentry = {[mobiu_000:6]},
  doi           = {10.1109/JPROC.2011.2160991},
  keywords      = {active optical metamaterials;bianisotropic effective parameters;electrical response;magnetic response;negative-index materials;optical metamagnetics;plane-wave illumination;anisotropic media;magnetic materials;metamaterials;},
}

@Book{landau,
  title         = {Electrodynamics of continuous media},
  publisher     = {Pergamon},
  year          = {1984},
  author        = {Landau, L.D. and Lifshits, E.M. and Pitaevskii, L.P.},
  address       = {Oxford, U.K.},
  edition       = {2nd},
  isbn          = {9780080302751},
  __markedentry = {[mobiu_000:6]},
  lccn          = {83024997},
}

@Article{pendry1,
  author        = {Pendry, J. B. and Holden, A. J. and Stewart, W. J. and Youngs, I.},
  title         = {Extremely Low Frequency Plasmons in Metallic Mesostructures},
  journal       = {Phys. Rev. Lett.},
  year          = {1996},
  volume        = {76},
  pages         = {4773--4776},
  month         = {Jun},
  __markedentry = {[mobiu_000:6]},
  doi           = {10.1103/PhysRevLett.76.4773},
  issue         = {25},
  publisher     = {American Physical Society},
  url           = {http://link.aps.org/doi/10.1103/PhysRevLett.76.4773},
}

@Article{smith:05,
  author        = {Smith, D. R. and Vier, D. C. and Koschny, Th. and Soukoulis, C. M.},
  title         = {Electromagnetic parameter retrieval from inhomogeneous metamaterials},
  journal       = {Phys. Rev. E},
  year          = {2005},
  volume        = {71},
  pages         = {036617},
  month         = {Mar},
  __markedentry = {[mobiu_000:6]},
  doi           = {10.1103/PhysRevE.71.036617},
  issue         = {3},
  numpages      = {11},
  publisher     = {American Physical Society},
  url           = {http://link.aps.org/doi/10.1103/PhysRevE.71.036617},
}

@Article{marques,
  author        = {Marqu\'es, Ricardo and Medina, Francisco and Rafii-El-Idrissi, Rachid},
  title         = {Role of bianisotropy in negative permeability and left-handed metamaterials},
  journal       = {Phys. Rev. B},
  year          = {2002},
  volume        = {65},
  pages         = {144440},
  month         = {Apr},
  __markedentry = {[mobiu_000:6]},
  doi           = {10.1103/PhysRevB.65.144440},
  issue         = {14},
  numpages      = {6},
  publisher     = {American Physical Society},
  url           = {http://link.aps.org/doi/10.1103/PhysRevB.65.144440},
}

@Article{simovski,
  author        = {Simovski, C.},
  title         = {Material parameters of metamaterials (a Review)},
  journal       = {Optics and Spectroscopy},
  year          = {2009},
  volume        = {107},
  pages         = {726-753},
  issn          = {0030-400X},
  note          = {10.1134/S0030400X09110101},
  __markedentry = {[mobiu_000:6]},
  affiliation   = {St. Petersburg State University of Information Technologies, Mechanics, and Optics St. Petersburg 197101 Russia},
  issue         = {5},
  keyword       = {Physics and Astronomy},
  publisher     = {MAIK Nauka/Interperiodica distributed exclusively by Springer Science+Business Media LLC.},
  url           = {http://dx.doi.org/10.1134/S0030400X09110101},
}

@Article{depine,
  author        = {Depine, Ricardo A. and Lakhtakia, Akhlesh},
  title         = {A new condition to identify isotropic dielectric-magnetic materials displaying negative phase velocity},
  journal       = {Microw. and Opt. Tech. Lett.},
  year          = {2004},
  volume        = {41},
  number        = {4},
  pages         = {315--316},
  issn          = {1098-2760},
  __markedentry = {[mobiu_000:6]},
  doi           = {10.1002/mop.20127},
  keywords      = {negative phase velocity, power flow},
  publisher     = {Wiley Subscription Services, Inc., A Wiley Company},
  url           = {http://dx.doi.org/10.1002/mop.20127},
}

@Article{kriegler,
  author        = {Kriegler, C.E. and Rill, M.S. and Linden, S. and Wegener, M.},
  title         = {Bianisotropic Photonic Metamaterials},
  journal       = {{IEEE} J. Sel. Topics Quantum Electron.},
  year          = {2010},
  volume        = {16},
  number        = {2},
  pages         = {367 -375},
  month         = {Ð¼Ð°ÑÑ-Ð°Ð¿Ñ.},
  issn          = {1077-260X},
  __markedentry = {[mobiu_000:6]},
  doi           = {10.1109/JSTQE.2009.2020809},
  keywords      = {bianisotropic photonic metamaterials;chirality;electric (magnetic) component;electric (magnetic) dipoles;electric-circuit description;electric-field component;incident light field;split-ring resonator;anisotropic media;chirality;metamaterials;optical resonators;photonic band gap;},
}

@Article{chen:05,
  author        = {Chen, Xudong and Wu, Bae-Ian and Kong, Jin Au and Grzegorczyk, Tomasz M.},
  title         = {Retrieval of the effective constitutive parameters of bianisotropic metamaterials},
  journal       = {Phys. Rev. E},
  year          = {2005},
  volume        = {71},
  pages         = {046610},
  month         = {Apr},
  __markedentry = {[mobiu_000:6]},
  doi           = {10.1103/PhysRevE.71.046610},
  issue         = {4},
  numpages      = {9},
  publisher     = {American Physical Society},
  url           = {http://link.aps.org/doi/10.1103/PhysRevE.71.046610},
}

@Article{koschny,
  author        = {Koschny, Th. and Marko\ifmmode \check{s}\else \v{s}\fi{}, P. and Economou, E. N. and Smith, D. R. and Vier, D. C. and Soukoulis, C. M.},
  title         = {Impact of inherent periodic structure on effective medium description of left-handed and related metamaterials},
  journal       = {Phys. Rev. B},
  year          = {2005},
  volume        = {71},
  pages         = {245105},
  month         = {Jun},
  __markedentry = {[mobiu_000:6]},
  doi           = {10.1103/PhysRevB.71.245105},
  issue         = {24},
  numpages      = {22},
  publisher     = {American Physical Society},
  url           = {http://link.aps.org/doi/10.1103/PhysRevB.71.245105},
}

@Article{stereo,
  author        = {Liu, Na and Liu, Hui and Zhu, Shining and Giessen, Harald},
  title         = {Stereometamaterials},
  journal       = {Nat. Photon.},
  year          = {2009},
  volume        = {3},
  pages         = {157-162},
  month         = {March},
  __markedentry = {[mobiu_000:6]},
  doi           = {10.1038/nphoton.2009.4},
  issue         = {3},
  publisher     = {Nature Publishing Group},
}

@InProceedings{radovan,
  author        = {Bojanic, R. and Jokanovic, B. and Milosevic, V.},
  title         = {On the orientation of split-ring resonators excited by guided waves},
  booktitle     = {Proc. of Metamaterials'2012},
  year          = {2012},
  address       = {St. Petersburg, Russia},
  month         = {September},
  __markedentry = {[mobiu_000:6]},
}

@Article{kivshar,
  author        = {Powell, David A. and Hannam, Kirsty and Shadrivov, Ilya V. and Kivshar, Yuri S.},
  title         = {Near-field interaction of twisted split-ring resonators},
  journal       = {Phys. Rev. B},
  year          = {2011},
  volume        = {83},
  pages         = {235420},
  month         = {Jun},
  __markedentry = {[mobiu_000:6]},
  doi           = {10.1103/PhysRevB.83.235420},
  issue         = {23},
  numpages      = {6},
  publisher     = {American Physical Society},
  url           = {http://link.aps.org/doi/10.1103/PhysRevB.83.235420},
}

@Article{mccall,
  author        = {Martin W McCall and Akhlesh Lakhtakia and Werner S Weiglhofer},
  title         = {The negative index of refraction demystified},
  journal       = {European Journal of Physics},
  year          = {2002},
  volume        = {23},
  number        = {3},
  pages         = {353},
  __markedentry = {[mobiu_000:6]},
  abstract      = {We study electromagnetic wave propagation in media in which the effective relative permittivity and the effective relative permeability are allowed to take any value in the upper half of the complex plane. A general condition is derived for the phase velocity to be oppositely directed to the power flow. That extends the recently studied case of propagation in media for which the relative permittivity and relative permeability are both simultaneously negative, to include dissipation as well. An illustrative case study demonstrates that in general the spectrum divides into five distinct regions.},
  url           = {http://stacks.iop.org/0143-0807/23/i=3/a=314},
}

@InCollection{mccall2,
  author        = {Akhlesh Lakhtakia and Martin W McCall and Werner S Weiglhofer},
  title         = {Negative Phase-Velocity Mediums},
  booktitle     = {Introduction to Complex Mediums for Optics and Electromagnetics},
  publisher     = {SPIE Press},
  year          = {2003},
  editor        = {Weiglhofer, W.S. and Lakhtakia, A.},
  series        = {Spie Press Monograph},
  pages         = {347-363},
  address       = {Bellingham, WA},
  isbn          = {9780819449474},
  __markedentry = {[mobiu_000:6]},
  lccn          = {2003042373},
}

@Article{veselago,
  author        = {Veselago, V. G.},
  title         = {Electrodynamics of substances with simultaneously negative $\varepsilon$ and $\mu$},
  journal       = {Sov. Phys. Usp.},
  year          = {1968},
  volume        = {10},
  number        = {4},
  pages         = {509-514},
  __markedentry = {[mobiu_000:6]},
}

@Article{pendry3,
  author        = {Pendry, J. B.},
  title         = {Negative Refraction Makes a Perfect Lens},
  journal       = {Phys. Rev. Lett.},
  year          = {2000},
  volume        = {85},
  pages         = {3966--3969},
  month         = {Oct},
  __markedentry = {[mobiu_000:6]},
  doi           = {10.1103/PhysRevLett.85.3966},
  issue         = {18},
  publisher     = {American Physical Society},
  url           = {http://link.aps.org/doi/10.1103/PhysRevLett.85.3966},
}

@Misc{wipl,
  howpublished  = {\url{http://www.wipl-d.com/}},
  __markedentry = {[mobiu_000:6]},
}

@Article{alu1,
  author        = {Al\`u, Andrea},
  title         = {Restoring the physical meaning of metamaterial constitutive parameters},
  journal       = {Phys. Rev. B},
  year          = {2011},
  volume        = {83},
  pages         = {081102},
  month         = {Feb},
  __markedentry = {[mobiu_000:6]},
  doi           = {10.1103/PhysRevB.83.081102},
  issue         = {8},
  numpages      = {4},
  publisher     = {American Physical Society},
  url           = {http://link.aps.org/doi/10.1103/PhysRevB.83.081102},
}

@Article{alu2,
  author        = {Al\`u, Andrea},
  title         = {First-principles homogenization theory for periodic metamaterials},
  journal       = {Phys. Rev. B},
  year          = {2011},
  volume        = {84},
  pages         = {075153},
  month         = {Ð°Ð²Ð³.},
  __markedentry = {[mobiu_000:6]},
  doi           = {10.1103/PhysRevB.84.075153},
  issue         = {7},
  numpages      = {18},
  publisher     = {American Physical Society},
  url           = {http://link.aps.org/doi/10.1103/PhysRevB.84.075153},
}

@Comment{jabref-meta: databaseType:bibtex;}
